@article{CEBON2000211,
title = "Four views of “regional” in regional environmental change",
journal = "Global Environmental Change",
volume = "10",
number = "3",
pages = "211 - 220",
year = "2000",
issn = "0959-3780",
doi = "https://doi.org/10.1016/S0959-3780(00)00020-0",
url = "http://www.sciencedirect.com/science/article/pii/S0959378000000200",
author = "Peter Cebon and James Risbey",
keywords = "Regional analysis, Modelling, Climate change"
}