@article{RN10612,
   author = {Eldridge, David J. and Soliveres, Santiago},
   title = {Are shrubs really a sign of declining ecosystem function? Disentangling the myths and truths of woody encroachment in Australia},
   journal = {Australian Journal of Botany},
   volume = {62},
   number = {7},
   pages = {594-608},
   DOI = {https://doi.org/10.1071/BT14137},
   url = {https://www.publish.csiro.au/paper/BT14137},
   year = {2015},
   type = {Journal Article}
}

