@article{RN10611,
   author = {Gowen, Rebecca and Bray, Steven G.},
   title = {Bioeconomic modelling of woody regrowth carbon offset options in productive grazing systems},
   journal = {The Rangeland Journal},
   volume = {38},
   number = {3},
   pages = {307-317},
   url = {https://doi.org/10.1071/RJ15084},
   year = {2016},
   type = {Journal Article}
}

